@Misc{Aedron2017,
  Author = "AEDRON, Asociación Española de Drones y Afines",
  Title  = "\emph{Borrador de la nueva normativa (pendiente aprobación y publicación)}",
  Note   = "\url{https://www.aedron.com/borrador-nueva-normativa}
           [Accessed: 07 de Abril, 2017]",
  year = 2017,
}


@Misc{WichS2017,
  Author = "Wich, S.",
  Title  = "\emph{Amazon river dolphin project}",
  Note   = "\url{https://conservationdrones.org/2017/04/05/amazon-river-dolphin-project/}
           [Accessed: 07 de Abril, 2017]",
  year = 2017,
}


@Misc{Nacion2013,
  Author = "Agencia EFE, La Nación.",
  Title  = "\emph{CIDH alerta del creciente uso de 'drones' en América Latina}",
  Note   = "\url{http://www.nacion.com/mundo/latinoamerica/Comision_Interamericana_de_Derechos_Humanos-drones-regulacion-Costa_Rica_0_1375662598.html}
           [Accessed: 07 de Abril, 2017]",
  year = 2013,
}

@Misc{Andrews2014,
  Author = "Andrews, C.",
  Title  = "\emph{Wildlife monitoring: should UAV drones be banned?}",
  Note   = "\url{https://prod-eandt.theiet.org/content/articles/2014/07/wildlife-monitoring-should-uav-drones-be-banned/}
           [Accessed: 07 de Abril, 2017]",
  year = 2014,
}


@Misc{USGS2014,
  Author = "USGS",
  Title  = "\emph{US Geological Survey National Unmanned Aircraft Systems Project}",
  Note   = "\url{http:// rmgsc.cr.usgs.gov/UAS}
           [Accessed: 13 de Abril, 2017]",
  year = 2014,
}

@Misc{Canarias2017,
  Author = "EFE",
  Title  = "\emph{Canarias usará drones para controlar la pesca furtiva y mejorar su inspección}",
  Note   = "\url{https://www.canarias7.es/hemeroteca/canarias_usara_drones_para_controlar_la_pesca_furtiva_y_mejorar_su_inspeccion_-JDCSN451293
  }
           [Accessed: 28 de Abril, 2017]",
  year = 2017,
}

